
                    <record>
                        <leader>00000nam a22000002a 4500</leader>
                        <controlfield tag="008"></controlfield>
                        <datafield tag="245" ind1="1" ind2="0">
                            <subfield code="a">Host species-specific metabolic fingerprint database for Enterococci and Escherichia coli and its application to identify sources of fecal contamination in surface waters</subfield></datafield>
                        <datafield tag="100" ind1="1" ind2=" "><subfield code="a">Ahmed, M W</subfield>
                        </datafield>
                        <datafield tag="700" ind1="1" ind2=" "><subfield code="a"> Neller, R J</subfield>
                        </datafield>
                        <datafield tag="700" ind1="1" ind2=" "><subfield code="a"> Katouli, M</subfield>
                        </datafield>
                        <datafield tag="260" ind1=" " ind2=" "><subfield code="a">USA</subfield>
                            <subfield code="b">American Society for Microbiology</subfield>
                            <subfield code="c">2005</subfield>
                        </datafield>
                        <datafield tag="300" ind1=" " ind2=" "><subfield code="a">8</subfield>
                        </datafield>
                        <datafield tag="773" ind1="0" ind2="8"><subfield code="t">Applied and Environmental Microbiology</subfield>
                            <subfield code="g">Vol. 71, no. 8, pp4461-4468</subfield>
                            <subfield code="n">1</subfield>
                        </datafield>
                       
                  
                        <datafield tag="022" ind1=" " ind2=" "><subfield code="a">0099-2240</subfield>
                        </datafield>
                        <datafield tag="655" ind1=" " ind2="7"><subfield code="a">journal article </subfield>
                           
                        </datafield>
                        <datafield tag="595" ind1=" " ind2=" "><subfield code="a">Refereed, Research</subfield>
                        </datafield>
                        <datafield tag="596" ind1=" " ind2=" "><subfield code="a">C1</subfield>
                        </datafield>
                        <datafield tag="095" ind1=" " ind2=" "><subfield code="a">1234</subfield>
                        </datafield>
                        <datafield tag="041" ind1="0" ind2=" "><subfield code="a">eng</subfield>
                        </datafield>
                        <datafield tag="546" ind1="0" ind2=" "><subfield code="a">eng</subfield>
                        </datafield>
                    </record>