
                    <record>
                        <leader>00000nam a22000002a 4500</leader>
                        <controlfield tag="008"></controlfield>
                        <datafield tag="245" ind1="1" ind2="0">
                            <subfield code="a">Regional Competitiveness, Enterprising Human Capital and Community Engagement</subfield></datafield>
                        <datafield tag="100" ind1="1" ind2=" "><subfield code="a">Garlick, S</subfield>
                        </datafield>
                        <datafield tag="260" ind1=" " ind2=" "><subfield code="a">Australia</subfield>
                            <subfield code="b">Queensland Department of Main Roads</subfield>
                            <subfield code="c">2005</subfield>
                        </datafield>
                        <datafield tag="300" ind1=" " ind2=" "><subfield code="a"/>
                        </datafield>
                        <datafield tag="773" ind1="0" ind2="8"><subfield code="t">International Conference on Engaging Communities</subfield>
                            <subfield code="g"/>
                            <subfield code="n">1</subfield>
                        </datafield>
                        <datafield tag="711" ind1="2" ind2=" "><subfield code="a">International Conference on Engaging Community</subfield>
                            <subfield code="d">2005</subfield>
                            <subfield code="c">Brisbane, Australia</subfield>
                        </datafield>
                        <datafield tag="020" ind1=" " ind2=" "><subfield code="a">1 920719 03 2</subfield>
                        </datafield>
                        <datafield tag="655" ind1=" " ind2="7"><subfield code="a">conference paper</subfield>
                            
                        </datafield>
                        <datafield tag="595" ind1=" " ind2=" "><subfield code="a">Refereed</subfield>
                        </datafield>
                        <datafield tag="596" ind1=" " ind2=" "><subfield code="a">E1</subfield>
                        </datafield>
                        <datafield tag="095" ind1=" " ind2=" "><subfield code="a">1234</subfield>
                        </datafield>
                        <datafield tag="041" ind1="0" ind2=" "><subfield code="a">eng</subfield>
                        </datafield>
                        <datafield tag="546" ind1="0" ind2=" "><subfield code="a">eng</subfield>
                        </datafield>
                    </record>