
                    <record>
                        <leader>00000nam a22000002a 4500</leader>
                        <controlfield tag="008"></controlfield>
                        <datafield tag="245" ind1="1" ind2="0">
                            <subfield code="a">An Ambiguous Juncture: Racism and the Formation of Asian Femininity</subfield>
                        </datafield>
                        <datafield tag="100" ind1="1" ind2=" ">
                            <subfield code="a">Matthews, J M</subfield>
                        </datafield>
                        <datafield tag="260" ind1=" " ind2=" ">
                            <subfield code="a">Northbridge, Australia</subfield>
                            <subfield code="b">Carfax Publishing</subfield>
                            <subfield code="c">2002</subfield>
                        </datafield>
                        <datafield tag="300" ind1=" " ind2=" ">
                            <subfield code="a">13</subfield>
                        </datafield>
                        <datafield tag="773" ind1="0" ind2="8">
                            <subfield code="t">Australian Feminist Studies</subfield>
                            <subfield code="g">Vol. 17, no. 38, pp207-219</subfield>
                            <subfield code="n">1</subfield>
                        </datafield>
                        <datafield tag="022" ind1=" " ind2=" ">
                            <subfield code="a">0816-4649</subfield>
                        </datafield>
                        <datafield tag="655" ind1=" " ind2="7">
                            <subfield code="a">journal article </subfield>
                           
                        </datafield>
                        <datafield tag="595" ind1=" " ind2=" ">
                            <subfield code="a">Refereed, Research</subfield>
                        </datafield>
                        <datafield tag="596" ind1=" " ind2=" ">
                            <subfield code="a">C1</subfield>
                        </datafield>
                        <datafield tag="095" ind1=" " ind2=" "><subfield code="a">1234</subfield>
                        </datafield>
                        <datafield tag="041" ind1="0" ind2=" ">
                            <subfield code="a">eng</subfield>
                        </datafield>
                        <datafield tag="546" ind1="0" ind2=" ">
                            <subfield code="a">eng</subfield>
                        </datafield>
                    </record>