
                    <record>
                        <leader>00000nam a22000002a 4500</leader>
                        <controlfield tag="008"></controlfield>
                        <datafield tag="245" ind1="1" ind2="0">
                            <subfield code="a">Multi-City Studies in Australia and New Zealand: The Impact of Air Pollution on Daily Mortality and Morbidity</subfield>
                        </datafield>
                        <datafield tag="100" ind1="1" ind2=" ">
                            <subfield code="a">Simpson, R W</subfield>
                        </datafield>
                        <datafield tag="700" ind1="1" ind2=" ">
                            <subfield code="a"> Williams, G</subfield>
                        </datafield>
                        <datafield tag="700" ind1="1" ind2=" ">
                            <subfield code="a"> Barnett, A</subfield>
                        </datafield>
                        <datafield tag="700" ind1="1" ind2=" ">
                            <subfield code="a"> Neller, A H</subfield>
                        </datafield>
                        <datafield tag="700" ind1="1" ind2=" ">
                            <subfield code="a"> Best, T</subfield>
                        </datafield>
                        <datafield tag="700" ind1="1" ind2=" ">
                            <subfield code="a"> Petroeschevsky, A</subfield>
                        </datafield>
                        <datafield tag="700" ind1="1" ind2=" ">
                            <subfield code="a"> Denison, L</subfield>
                        </datafield>
                        <datafield tag="700" ind1="1" ind2=" ">
                            <subfield code="a"> Neville, G</subfield>
                        </datafield>
                        <datafield tag="700" ind1="1" ind2=" ">
                            <subfield code="a"> Sheppeard, V</subfield>
                        </datafield>
                        <datafield tag="700" ind1="1" ind2=" ">
                            <subfield code="a"> Runnion, T</subfield>
                        </datafield>
                        <datafield tag="260" ind1=" " ind2=" ">
                            <subfield code="a">USA</subfield>
                            <subfield code="b">Lippincott, Williams and Wilkinson</subfield>
                            <subfield code="c">2004</subfield>
                        </datafield>
                        <datafield tag="773" ind1="0" ind2="8">
                            <subfield code="t">Epidemiology</subfield>
                            <subfield code="g"/>
                            <subfield code="n">1</subfield>
                        </datafield>
                        <datafield tag="711" ind1="2" ind2=" ">
                            <subfield code="a">ISEE 2004 Conference</subfield>
                            <subfield code="d">8200</subfield>
                            <subfield code="c">New York, USA</subfield>
                        </datafield>
                        <datafield tag="022" ind1=" " ind2=" ">
                            <subfield code="a">1044-3983</subfield>
                        </datafield>
                        <datafield tag="655" ind1=" " ind2="7">
                            <subfield code="a">conference paper </subfield>
                            
                        </datafield>
                        <datafield tag="595" ind1=" " ind2=" ">
                            <subfield code="a">Refereed</subfield>
                        </datafield>
                        <datafield tag="596" ind1=" " ind2=" ">
                            <subfield code="a">E1</subfield>
                        </datafield>
                        <datafield tag="095" ind1=" " ind2=" "><subfield code="a">1234</subfield>
                        </datafield>
                        <datafield tag="041" ind1="0" ind2=" ">
                            <subfield code="a">eng</subfield>
                        </datafield>
                        <datafield tag="546" ind1="0" ind2=" ">
                            <subfield code="a">eng</subfield>
                        </datafield>
                    </record>
               </collection>
             </utfx:expected>
        </utfx:assert-equal>
    </utfx:test>
    
   
</utfx:tests>
